@article{Han:2013:LNS:2414425.2414430,
 author = {Han, Bo and Cook, Paul and Baldwin, Timothy},
 title = {Lexical Normalization for Social Media Text},
 journal = {ACM Trans. Intell. Syst. Technol.},
 issue_date = {January 2013},
 volume = {4},
 number = {1},
 month = feb,
 year = {2013},
 issn = {2157-6904},
 pages = {5:1--5:27},
 articleno = {5},
 numpages = {27},
 url = {http://doi.acm.org/10.1145/2414425.2414430},
 doi = {10.1145/2414425.2414430},
 acmid = {2414430},
 publisher = {ACM},
 address = {New York, NY, USA},
 keywords = {Text analysis, lexical normalization, microblog, short text message, text preprocessing},
} 

@book{ir,
author={Christopher D. Manning, Prabhakar Raghavan, Hinrich Schütze},
year={2009},
title={Introduction to Information Retrieval},
publisher={Cambridge University Press}
}

@misc{editdistance,
  author = {Hiroyuki Tanaka},
  title = {{editdistance 0.3.1}},
  howpublished = "\url{https://www.github.com/aflc/editdistance}",
  year = {2016}, 
}

@misc{soundex,
  author = {YouGov, Plc.},
  title = {{Fuzzy 1.1}},
  howpublished = "\url{https://bitbucket.org/yougov/fuzzy}",
  year = {2015}, 
}

@misc{ngram,
  author = {Graham Poulter},
  title = {{ngram 3.3.2}},
  howpublished = "\url{http://github.com/gpoulter/python-ngram}",
  year = {2017}, 
}


@article{Spa72,
author={{Sparck Jones}, K.},
year={1972},
title={A Statistical Interpretation of Term Specificity and its Application in Retrieval},
journal={Journal of Documentation},
volume={28},
number={1},
pages={11-21}
}


@book{MosWal64,
author={Mosteller, Fredrick and David Wallace},
year={1964},
title={Inference and Disputed Authorship: The Federalist},
publisher={Addison-Wesley},
address={Reading, Massachusetts}
}

@incollection{Kay86,
  AUTHOR = {Kay, Martin},
  TITLE = {Parsing in Funfjskljflctional Unification Grammar},
  YEAR = {1986},
  BOOKTITLE = {Readings in Natural Language Processing},
  EDITOR = {B. J. Grosz, K. Spark Jones and B. L. Webber},
  PUBLISHER = {Morgan Kaufmann Publishers},
  ADDRESS = {Los Altos},
  PAGES = {125-138}
}
